% BibTeX bibliography file

@InProceedings{Arslan07:proc,
  author = {Arslan, A. N. and Bizargity, P.},
  title = {Phylogeny by top down clustering using a given multiple alignment},
  booktitle = {Proceedings of the 7th IEEE Symposium on Bioinformatics and
  Biotechnology (BIBE 2007), Vol. II},
  year = {2007},
  pages = {809-814}
}

@InProceedings{Blockeel1998icml,
  author = {H. Blockeel and L. De Raedt and J. Ramon},
  title = {Top-down induction of clustering trees},
  booktitle = {Proceedings of the 15th International Conference on Machine
  Learning},
  year = {1998},
  pages = {55-63}
}

@InProceedings{Blockeel99:proc,
  author = {Blockeel, H. and D{\v z}eroski, S. and Grbovi{\' c}, J.},
  title = {Simultaneous prediction of multiple chemical parameters of river
  water quality with {Tilde}},
  booktitle = {Proceedings of the 3rd European Conference on Principles of Data
  Mining and Knowledge Discovery},
  year = {1999},
  series = {Lecture Notes in Artificial Intelligence},
  volume = {1704},
  pages = {32-40},
  publisher = {Springer}
}

@Book{Breiman84:other,
  author = {L. Breiman and J.H. Friedman and R.A. Olshen and C.J. Stone},
  title = {Classification and Regression Trees},
  year = {1984},
  publisher = {Wadsworth},
  address = {Belmont}
}

@Article{Caruana97:jrnl,
  author = {Caruana, R.},
  title = {Multitask Learning},
  journal = {Machine Learning},
  year = {1997},
  volume = {28},
  pages = {41-75}
}

@InProceedings{Clark91:proc,
  author = {Clark, P. and Boswell, R.},
  title = {Rule Induction with {CN2}: Some Recent Improvements},
  booktitle = {Proceedings of the Fifth European Working Session on Learning},
  editor = {Yves Kodratoff},
  year = {1991},
  series = {Lecture Notes in Artificial Intelligence},
  volume = {482},
  pages = {151-163},
  publisher = {Springer-Verlag}
}

@Article{Garofalakis03:jrnl,
  author = {Garofalakis, M. and Hyun, D. and Rastogi, R. and Shim, K.},
  title = {Building Decision Trees with Constraints},
  journal = {Data Mining and Knowledge Discovery},
  year = {2003},
  volume = {7},
  number = {2},
  pages = {187-214}
}

@InProceedings{Kocev07a:proc,
  author = {Kocev, D. and D\v{z}eroski, S. and Struyf, J.},
  title = {Beam search induction and similarity constraints for predictive
  clustering trees},
  booktitle = {5th Int'l Workshop on Knowledge Discovery in Inductive
  Databases: Revised Selected and Invited Papers},
  year = {2007},
  note = {To appear.}
}

@InProceedings{Kocev07b:proc,
  author = {Kocev, D. and Vens, C. and Struyf, J. and D\v{z}eroski, S.},
  title = {Ensembles of multi-objective decision trees},
  booktitle = {Proceedings of the 18th European Conference on Machine
  Learning},
  year = {2007},
  pages = {624-631},
  publisher = {Springer}
}

@Misc{Phylip3.6-08:misc,
  author = {Felsenstein, J.},
  title = {PHYLIP (phylogeny inference package) version 3.68},
  year = {2008},
  note = {{\sf http://evolution.genetics.washington.edu/phylip.html}}
}

@InProceedings{Piccart08-DS-:proc,
  author = {Piccart, B. and Struyf, J. and Blockeel, H.},
  title = {Empirical Asymmetric Selective Transfer in Multi-Objective Decision
  Trees},
  booktitle = {Proceedings of the 11th International Conference on Discovery
  Science},
  year = {2008},
  series = {Lecture Notes in Artificial Intelligence}
}

@Book{Quinlan93:other,
  author = {Quinlan, J.R.},
  title = {C4.5: Programs for Machine Learning},
  year = {1993},
  series = {Morgan Kaufmann series in {M}achine {L}earning},
  publisher = {Morgan Kaufmann}
}

@InProceedings{Struyf06-KDID:proc,
  author = {Struyf, J. and D\v{z}eroski, S.},
  title = {Constraint based induction of multi-objective regression trees},
  booktitle = {Knowledge Discovery in Inductive Databases, 4th International
  Workshop, KDID'05, Revised, Selected and Invited Papers},
  year = {2006},
  series = {Lecture Notes in Computer Science},
  volume = {3933},
  pages = {222--233}
}

@Article{Vens08:jrnl,
  author = {Vens, Celine and Struyf, Jan and Schietgat, Leander and D{\v
  z}eroski, Sa{\v s}o and Blockeel, Hendrik},
  title = {Decision trees for hierarchical multi-label classification},
  journal = {Machine Learning},
  year = {2008},
  volume = {73},
  number = {2},
  pages = {185-214}
}

@INPROCEEDINGS{Vens10:proc,
  AUTHOR = "Vens, Celine and Costa, Eduardo and Blockeel, Hendrik",
  TITLE = {Top-down induction of phylogenetic trees},
  BOOKTITLE = "Proceedings of the 8th European Conference on Evolutionary Computation, Machine Learning and Data Mining in Bioinformatics (EvoBIO 2010)",
  PUBLISHER = "Springer",
  YEAR = {2010}
}
